@book{Okumura2017,
 author = {奥村 晴彦 and 黒木 祐介},
 title = {LaTeX2$\epsilon$ 美文書作成入門 改訂第8版},
 publisher = {技術評論社},
 year = {2020}
}
 
@article{Gao2018,
 author = {Gao, Ming and Wang, Xinlei and Wu, Kui and Pradhana, Andre and Sifakis, Eftychios and Yuksel, Cem and Jiang, Chenfanfu},
 title = {{GPU} optimization of material point methods},
 journal = {ACM Trans. Graph.},
 issue_date = {November 2018},
 volume = {37},
 number = {6},
 OPTmonth = dec,
 year = {2018},
 issn = {0730-0301},
 pages = {254:1--254:12},
 articleno = {254},
 numpages = {12},
 url = {http://doi.acm.org/10.1145/3272127.3275044},
 doi = {10.1145/3272127.3275044},
 acmid = {3275044},
 publisher = {ACM},
 address = {New York, NY, USA},
 keywords = {GPU, SPGrid, material point method},
}
